@article{doi:10.1021/ci600234z,
  author  = {Engel, Thomas},
  title   = {Basic Overview of Chemoinformatics},
  journal = {Journal of Chemical Information and Modeling},
  volume  = {46},
  number  = {6},
  pages   = {2267-2277},
  year    = {2006},
  doi     = {10.1021/ci600234z},
  note    = {PMID: 17125169},
  url     = { 
             https://doi.org/10.1021/ci600234z
             
             },
  eprint  = { 
             https://doi.org/10.1021/ci600234z
             
             }
}

@article{despa2014comparative,
  title={Comparative study on software development methodologies},
  author={Despa, Mihai Liviu},
  journal={Database Systems Journal},
  volume={5},
  number={3},
  pages={37--56},
  year={2014}
}

@incollection{schwaber1997scrum,
  title={Scrum development process},
  author={Schwaber, Ken},
  booktitle={Business object design and implementation},
  pages={117--134},
  year={1997},
  publisher={Springer}
}

@article{Krenn_2020,
	doi = {10.1088/2632-2153/aba947},
	url = {https://doi.org/10.1088%2F2632-2153%2Faba947},
	year = 2020,
	month = {oct},
	publisher = {{IOP} Publishing},
	volume = {1},
	number = {4},
	pages = {045024},
	author = {Mario Krenn and Florian HÃ¤se and AkshatKumar Nigam and Pascal Friederich and Alan Aspuru-Guzik},
	title = {Self-referencing embedded strings ({SELFIES}): A 100{\%} robust molecular string representation},
	journal = {Machine Learning: Science and Technology}
}

@article{weininger1988smiles,
  title={SMILES, a chemical language and information system. 1. Introduction to methodology and encoding rules},
  author={Weininger, David},
  journal={Journal of chemical information and computer sciences},
  volume={28},
  number={1},
  pages={31--36},
  year={1988},
  publisher={ACS Publications}
}