% A partir de aquí, páginas web:

@online{metodologiasDesarrollo,
  title = {Metodologías de desarrollo de software: ¿qué son?},
  author = "Santander Universidades",
  url = {https://www.becas-santander.com/es/blog/metodologias-desarrollo-software.html},
  urldate = {2022-03-04}
}

@online{structrep,
  title = {Structural Representations of Organic Compounds},
  author = "Aditya Virani and others",
  url = {https://brilliant.org/wiki/structural-representations-of-organic-compounds/},
  urldate = {2022-04-21}
}

@online{comporganico,
  title = {Compuesto orgánico},
  author = "Wikipedia",
  url = {https://es.wikipedia.org/wiki/Compuesto_orgánico},
  urldate = {2022-04-21}
}

@online{comporganometalico,
  title = {Compuesto organometálico},
  author = "Wikipedia",
  url = {https://es.wikipedia.org/wiki/Compuesto_organometálico},
  urldate = {2022-04-21}
}

@online{formestructural,
  title = {Fórmula estructural},
  author = "Wikipedia",
  url = {https://es.wikipedia.org/wiki/Fórmula_estructural},
  urldate = {2022-04-21}
}

@online{estereoquimica,
  title = {Estereoquímica},
  author = "Wikipedia",
  url = {https://es.wikipedia.org/wiki/Estereoqu%C3%ADmica},
  urldate = {2022-04-21}
}

@online{smiles_wikipedia,
  title = {Simplified molecular-input line-entry system},
  author = "Wikipedia",
  url = {https://en.wikipedia.org/wiki/Simplified_molecular-input_line-entry_system},
  urldate = {2022-04-24}
}

@online{molfile_example,
  title = {Anatomy of a MOL file},
  author = "Robert Belford",
  url = {https://chem.libretexts.org/Courses/University_of_Arkansas_Little_Rock/ChemInformatics_(2017)%3A_Chem_4399_5399/2.2%3A_Chemical_Representations_on_Computer%3A_Part_II/2.2.2%3A_Anatomy_of_a_MOL_file},
  urldate = {2022-04-26}
}

@online{pubchem,
  title = {PubChem Docs - About PubChem},
  author = "National Institute of Health (NIH)",
  url = {https://pubchemdocs.ncbi.nlm.nih.gov/about},
  urldate = {2022-04-26}
}

@online{aromaticidad,
  title = {¿Qué es la aromaticidad?},
  author = "curiosoando.com",
  url = {https://curiosoando.com/que-es-la-aromaticidad},
  urldate = {2022-04-25}
}

@online{aromaticidad_wikipedia,
  title = {Aromaticidad},
  author = "Wikipedia",
  url = {https://es.wikipedia.org/wiki/Aromaticidad},
  urldate = {2022-04-25}
}

@online{salario_ue,
  title = {Cuánto gana un ingeniero informático},
  author = "Universidad Europea",
  url = {https://universidadeuropea.com/blog/cuanto-gana-un-ingeniero-informatico/},
  urldate = {2022-05-25}
}

@online{dias_laborables,
  title = {¿Cuántos días laborables en el año 2022?},
  author = "dias-laborables.es",
  url = {https://www.dias-laborables.es/cuantos_dias_laborables_en_ano_2022_Andaluc%C3%ADa.htm},
  urldate = {2022-05-25}
}

@online{vacaciones,
  title = {¡Comienza el verano! Cuántos días de vacaciones me corresponden},
  author = "Rocío González",
  url = {https://www.sage.com/es-es/blog/dias-vacaciones/},
  urldate = {2022-05-25}
}

@online{repository,
  title = {TFG GitHub repository},
  author = "Pedro Bedmar López",
  url = {https://github.com/pbedmar/tfg},
  urldate = {2022-06-03}
}

@online{vqvae,
  title = {Understanding VQ-VAE (DALL-E Explained Pt. 1)},
  author = "Charlie Snell",
  url = {https://ml.berkeley.edu/blog/posts/vq-vae/},
  urldate = {2022-06-04}
}